@misc{Labs2016,
author = {Labs, RedBear},
file = {:Users/Pello/Desktop/redbear$\backslash$:Duo$\backslash$: Resources for the RedBear Duo IoT development board..webarchive:webarchive},
title = {{redbear:Duo: Resources for the RedBear Duo IoT development board}},
year = {2016}
}
@misc{PostgreSQL2016,
author = {PostgreSQL},
file = {:Users/Pello/Desktop/PostgreSQL$\backslash$: Documentation.webarchive:webarchive},
title = {{PostgreSQL: Documentation}},
year = {2016}
}
@misc{Firebase2016,
author = {Firebase, Google},
file = {:Users/Pello/Desktop/Documentation  |  Firebase.webarchive:webarchive},
title = {{Documentation | Firebase}},
year = {2016}
}
@article{Weight,
author = {Weight, Healthy and As, Dog and High, Osteoarthritis and For, Calories and Requirements, Resting Energy},
file = {:Users/Pello/Desktop/Weight{\_}Reduction{\_}in{\_}Dogs{\_}General{\_}Information.pdf:pdf},
pages = {1--4},
title = {{Weight Reduction in Dogs – General Information}},
volume = {30}
}
@misc{APOP2016,
author = {APOP},
file = {:Users/Pello/Desktop/Association for Pet Obesity Prevention (APOP).webarchive:webarchive},
title = {{Association for Pet Obesity Prevention (APOP)}},
url = {http://petobesityprevention.org},
year = {2016}
}
@misc{Vilcinskas2016,
author = {Vilcinskas, Markus},
file = {:Users/Pello/Desktop/Referencias/What is Azure Active Directory?.webarchive:webarchive;:Users/Pello/Desktop/What is Azure Active Directory?.webarchive:webarchive},
title = {{What is Azure Active Directory?}},
url = {https://azure.microsoft.com/en-us/documentation/articles/active-directory-whatis/{\#}what-are-the-benefits-of-azure-ad},
year = {2016}
}
@misc{Estimote2016,
author = {Estimote},
booktitle = {Estimote},
file = {:Users/Pello/Desktop/Referencias/Estimote Beacons — real world context for your apps.webarchive:webarchive},
keywords = {beacons,ble,bluetooth le,bluetooth low energy,bluetooth smart,contextual computing,customer engagement,estimote,ibeacon,indoor positioning,internet of things,microlocation,mobile app context,mote,nearables,retail analytics},
title = {{Estimote Beacons — real world context for your apps}},
year = {2016}
}
@misc{Ada,
author = {Ada, Lady},
booktitle = {Adafruit},
file = {:Users/Pello/Desktop/Referencias/Overview | Adafruit Powerboost 1000C | Adafruit Learning System.webarchive:webarchive},
title = {{Powerboost | Adafruit Learning System}},
url = {http://learn.adafruit.com/photocells/overview}
}
@book{AllAboutCircuits,
author = {{All About Circuits}},
file = {:Users/Pello/Desktop/Referencias/Power Calculations $\backslash$: Series And Parallel Circuits - Electronics Textbook.webarchive:webarchive},
pages = {Chapter 5},
title = {{Power Calculations : Series And Parallel Circuits - Electronics Textbook}}
}
@book{Nilsson2011,
author = {Nilsson, James and Riedel, Susan},
editor = {Hall, Prentice},
pages = {32},
title = {{Electric Circuits 9th, 20 Edition}},
year = {2011}
}
@misc{PetMD,
author = {PetMD},
booktitle = {PetMD},
file = {:Users/Pello/Desktop/Referencias/Creating a Puppy Feeding Schedule | petMD | petMD.webarchive:webarchive},
title = {{Creating a Puppy Feeding Schedule | petMD | petMD}},
url = {http://www.petmd.com/dog/puppycenter/nutrition/evr{\_}dg{\_}feeding{\_}schedule{\_}for{\_}puppies{\#}}
}
@misc{Clinebell,
author = {Clinebell, Vicki},
booktitle = {Dogtime},
file = {:Users/Pello/Desktop/Referencias/10 Most Common Ways Dogs Are Accidentally Poisoned - Dogtime.webarchive:webarchive},
title = {{10 Most Common Ways Dogs Are Accidentally Poisoned}},
url = {http://dogtime.com/dog-health/general/4658-10-common-toxins-for-dogs-list}
}
@misc{Eukanuba2016,
author = {Eukanuba},
booktitle = {Eukanuba},
file = {:Users/Pello/Desktop/Referencias/Healthy Eating Habits for Dogs | Eukanuba.webarchive:webarchive},
keywords = {Dog healthy eating habits,healthy eating for dogs},
title = {{Healthy Eating Habits for Dogs | Eukanuba}},
url = {http://www.eukanuba.com/dog-articles/dog-activity/healthy-dog-eating-habits},
year = {2016}
}
@misc{Kelleher2014,
author = {Kelleher, Fionn},
file = {:Users/Pello/Desktop/Referencias/Understanding Socket.IO.webarchive:webarchive},
title = {{Understanding Socket.IO}},
url = {https://nodesource.com/blog/understanding-socketio/},
year = {2014}
}
@misc{Rauch2014,
author = {Rauch, Guillermo},
file = {:Users/Pello/Desktop/Referencias/Socket.IO — Introducing Socket.IO 1.0.webarchive:webarchive},
title = {{Introducing Socket.IO}},
url = {http://socket.io/blog/introducing-socket-io-1-0/{\#}new-engine},
year = {2014}
}
@misc{K2014,
author = {K, Erik},
file = {:Users/Pello/Desktop/Referencias/Beacon tracking with Node.js and Raspberry Pi — Truth Labs — Medium.webarchive:webarchive},
title = {{Beacon tracking with Node.js}},
url = {https://medium.com/truth-labs/beacon-tracking-with-node-js-and-raspberry-pi-794afa880318{\#}.m96yfvudg},
year = {2014}
}
@misc{Google2016,
author = {Google},
file = {:Users/Pello/Desktop/Referencias/Platform Overview  |  Beacons  |  Google Developers.webarchive:webarchive},
title = {{Beacons | Google Developers}},
url = {https://developers.google.com/beacons/overview},
year = {2016}
}
@misc{IBeacon.com2016,
author = {IBeacon.com},
file = {:Users/Pello/Desktop/Referencias/What is iBeacon? A Guide to Beacons | iBeacon.com Insider.webarchive:webarchive},
title = {{What is an iBeacon?}},
url = {http://www.ibeacon.com/what-is-ibeacon-a-guide-to-beacons/},
year = {2016}
}
@misc{AltBeacon2016,
author = {AltBeacon},
file = {:Users/Pello/Desktop/Referencias/AltBeacon - The Open Proximity Beacon.webarchive:webarchive},
title = {{AltBeacon - The Open Proximity Beacon}},
url = {http://altbeacon.org/},
year = {2016}
}
@misc{Inc.2014,
author = {Inc., Apple},
file = {:Users/Pello/Desktop/Referencias/iBeacon for Developers - Apple Developer.webarchive:webarchive},
title = {{iBeacon for Developers}},
url = {https://developer.apple.com/ibeacon/},
year = {2014}
}
